@article{leancopilot,
      title={Towards Large Language Models as Copilots for Theorem Proving in Lean}, 
      author={Peiyang Song and Kaiyu Yang and Anima Anandkumar},
      year={2024},
      journal={arXiv preprint arXiv:2404.12534},
}

@article{llmstep,
    title={LLMSTEP: LLM proofstep suggestions in Lean},
    author={Sean Welleck and Rahul Saha},
    journal={arXiv preprint arXiv:2310.18457},
    year={2023}
}

@misc{neurips,
  author = {First, Emily and Jiang, Albert and Yang, Kaiyu},
  title = {{NeurIPS} Tutorial on Machine Learning for Theorem Proving},
  year = {2023},
  howpublished = {\url{https://machine-learning-for-theorem-proving.github.io}},
}